<record xmlns="http://www.loc.gov/MARC21/slim" xmlns:xsi="http://www.w3.org/2001/XMLSchema-instance" xsi:schemaLocation="http://www.loc.gov/MARC21/slim http://www.loc.gov/standards/marcxml/schema/MARC21slim.xsd">

  <leader>01300nab a2200169   4500</leader>
  <controlfield tag="005">20160331134619.0</controlfield>
  <controlfield tag="008">151120b2005    cr f|||| |||| 00| 0 spa d</controlfield>
  <datafield ind2=" " tag="090" ind1=" ">
    <subfield code="a">REVIS 06.02.01</subfield>
  </datafield>
  <datafield ind1="1" tag="100" ind2=" ">
    <subfield code="9">253</subfield>
    <subfield code="a">Salas Madriz, Flora Eugenia</subfield>
  </datafield>
  <datafield ind2="0" tag="245" ind1="1">
    <subfield code="a">Higher educación research project: la visión de seis países desarrollados sobre la educación sobre la educación superior necesaria para el nuevo milenio /</subfield>
    <subfield code="c">Flora Eugenia Salas Madriz</subfield>
  </datafield>
  <datafield ind1=" " tag="260" ind2=" ">
    <subfield code="a">San José, Costa Rica :</subfield>
    <subfield code="b">Editorial Universidad de Costa Rica,</subfield>
    <subfield code="c">2005</subfield>
  </datafield>
  <datafield ind2=" " tag="300" ind1=" ">
    <subfield code="a">páginas  35-52</subfield>
  </datafield>
  <datafield tag="520" ind2=" " ind1=" ">
    <subfield code="a">En este artículo se ofrece una síntesis de los temas y conclusiones de la conferencia Higher Education Management in the 21th. Century. Economical Technological, social and political Forces Affecting Higher Education, que se realizó en Hiroshima, Japón, Singapur, Suiza y los Estados Unidos, y sus principales problemas, las áreas estratégicas, las prioridades y las alternativas de acción necesarias para ajustar sus sistemas tecnológicos, al mercado de trabajo y a la cultura propios de la Sociedad del Conocimiento.</subfield>
  </datafield>
  <datafield ind1="1" ind2="4" tag="650">
    <subfield code="9">1</subfield>
    <subfield code="a">EDUCACIÓN</subfield>
  </datafield>
  <datafield ind1="0" ind2=" " tag="773">
    <subfield code="d">San José, Costa Rica : Editorial de la Universidad de Costa Rica, 1997-</subfield>
    <subfield code="o">R0304</subfield>
    <subfield code="t">EDUCACIÓN: Revista de la Universidad de Costa Rica</subfield>
    <subfield code="g">Vol.29, no.2 (2005)</subfield>
  </datafield>
  <datafield tag="942" ind2=" " ind1=" ">
    <subfield code="2">z</subfield>
    <subfield code="c">10</subfield>
  </datafield>
  <datafield tag="999" ind2=" " ind1=" ">
    <subfield code="c">2949</subfield>
    <subfield code="d">2949</subfield>
  </datafield>
</record>